@Manual{R-base,
  title = {R: A Language and Environment for Statistical Computing},
  author = {{R Core Team}},
  organization = {R Foundation for Statistical Computing},
  address = {Vienna, Austria},
  year = {2012},
  note = {{ISBN} 3-900051-07-0},
  url = {http://www.R-project.org/},
}
@Manual{R-RCytoscape,
  title = {RCytoscape: Display and manipulate graphs in Cytoscape},
  author = {Paul Shannon},
  year = {2013},
  note = {R package version 1.10.0},
  url = {http://rcytoscape.systemsbiology.net},
}
@Manual{R-gdata,
  title = {gdata: Various R programming tools for data manipulation},
  author = {Gregory R. Warnes and with contributions from Ben Bolker and Gregor Gorjanc and Gabor Grothendieck and Ales Korosec and Thomas Lumley and Don MacQueen and Arni Magnusson and Jim Rogers and {others}},
  year = {2013},
  note = {R package version 2.12.0.2},
  url = {http://CRAN.R-project.org/package=gdata},
}
@Book{R-ggplot2,
  author = {Hadley Wickham},
  title = {ggplot2: elegant graphics for data analysis},
  publisher = {Springer New York},
  year = {2009},
  isbn = {978-0-387-98140-6},
  url = {http://had.co.nz/ggplot2/book},
}
@Manual{R-grid,
  title = {R: A Language and Environment for Statistical Computing},
  author = {{R Core Team}},
  organization = {R Foundation for Statistical Computing},
  address = {Vienna, Austria},
  year = {2013},
  url = {http://www.R-project.org/},
}
@Manual{R-knitr,
  title = {knitr: A general-purpose package for dynamic report generation in R},
  author = {Yihui Xie},
  year = {2013},
  note = {R package version 1.1},
  url = {http://CRAN.R-project.org/package=knitr},
}
@Manual{R-lattice,
  title = {lattice: Lattice Graphics},
  author = {Deepayan Sarkar},
  year = {2012},
  note = {R package version 0.20-10},
  url = {http://CRAN.R-project.org/package=lattice},
}
@Manual{R-RColorBrewer,
  title = {RColorBrewer: ColorBrewer palettes},
  author = {Erich Neuwirth},
  year = {2011},
  note = {R package version 1.0-5},
  url = {http://CRAN.R-project.org/package=RColorBrewer},
}
@Manual{R-scatterplot3d,
  title = {scatterplot3d: 3D Scatter Plot},
  author = {Uwe Ligges},
  year = {2011},
  note = {R package version 0.3-33},
  url = {http://CRAN.R-project.org/package=scatterplot3d},
}
@Manual{R-xtable,
  title = {xtable: Export tables to LaTeX or HTML},
  author = {David B. Dahl},
  year = {2013},
  note = {R package version 1.7-1},
  url = {http://CRAN.R-project.org/package=xtable},
}
